% Encoding: UTF-8

@Misc{susskind:particles2009:1,
  author       = {Susskind, Leonard},
  title        = {Particle Physics 1: Basic Concepts},
  howpublished = {\url{http://theoreticalminimum.com/courses/particle-physics-1-basic-concepts/2009/fall}},
  note         = {[Online; accessed 3-December-2019]},
}

@Comment{jabref-meta: databaseType:bibtex;}
