% Encoding: UTF-8

@Article{hofstadter1994copycat,
  author    = {Hofstadter, {D}ouglas {R} and {Mitchell}, {Melanie}},
  title     = {The {C}opycat project: A model of mental fluidity and analogy-making.},
  journal   = {Advances in connectionist and neural computation theory},
  year      = {1994},
  publisher = {Ablex Publishing},
}

@Article{kim2018not,
  author    = {Kim, Junkyung and Ricci, Matthew and Serre, Thomas},
  title     = {Not-So-CLEVR: learning same--different relations strains feedforward neural networks},
  journal   = {Interface focus},
  year      = {2018},
  volume    = {8},
  number    = {4},
  pages     = {20180011},
  publisher = {The Royal Society},
}

@InProceedings{zhang2019raven,
  author    = {Zhang, Chi and Gao, Feng and Jia, Baoxiong and Zhu, Yixin and Zhu, Song-Chun},
  title     = {Raven: A dataset for relational and analogical visual reasoning},
  booktitle = {Proceedings of the IEEE Conference on Computer Vision and Pattern Recognition},
  year      = {2019},
  pages     = {5317--5327},
}

@InProceedings{alcorn2019strike,
  author    = {Alcorn, Michael A and Li, Qi and Gong, Zhitao and Wang, Chengfei and Mai, Long and Ku, Wei-Shinn and Nguyen, Anh},
  title     = {Strike (with) a pose: Neural networks are easily fooled by strange poses of familiar objects},
  booktitle = {Proceedings of the IEEE Conference on Computer Vision and Pattern Recognition},
  year      = {2019},
  pages     = {4845--4854},
}

@InProceedings{eykholt2018robust,
  author    = {Eykholt, Kevin and Evtimov, Ivan and Fernandes, Earlence and Li, Bo and Rahmati, Amir and Xiao, Chaowei and Prakash, Atul and Kohno, Tadayoshi and Song, Dawn},
  title     = {Robust physical-world attacks on deep learning visual classification},
  booktitle = {Proceedings of the IEEE Conference on Computer Vision and Pattern Recognition},
  year      = {2018},
  pages     = {1625--1634},
}

@Article{kansky2017schema,
  author  = {Kansky, Ken and Silver, Tom and M{\'e}ly, David A and Eldawy, Mohamed and L{\'a}zaro-Gredilla, Miguel and Lou, Xinghua and Dorfman, Nimrod and Sidor, Szymon and Phoenix, Scott and George, Dileep},
  title   = {Schema networks: Zero-shot transfer with a generative causal model of intuitive physics},
  journal = {arXiv preprint arXiv:1706.04317},
  year    = {2017},
}

@InProceedings{levesque2012winograd,
  author    = {Levesque, Hector and Davis, Ernest and Morgenstern, Leora},
  title     = {The winograd schema challenge},
  booktitle = {Thirteenth International Conference on the Principles of Knowledge Representation and Reasoning},
  year      = {2012},
}

@Article{mccarthy2006proposal,
  author  = {McCarthy, John and Minsky, Marvin L and Rochester, Nathaniel and Shannon, Claude E},
  title   = {A proposal for the dartmouth summer research project on artificial intelligence, august 31, 1955},
  journal = {AI magazine},
  year    = {2006},
  volume  = {27},
  number  = {4},
  pages   = {12--12},
}

@Article{mnih2015human,
  author    = {Mnih, Volodymyr and Kavukcuoglu, Koray and Silver, David and Rusu, Andrei A and Veness, Joel and Bellemare, Marc G and Graves, Alex and Riedmiller, Martin and Fidjeland, Andreas K and Ostrovski, Georg and others},
  title     = {Human-level control through deep reinforcement learning},
  journal   = {nature},
  year      = {2015},
  volume    = {518},
  number    = {7540},
  pages     = {529--533},
  publisher = {Nature Publishing Group},
}

@InProceedings{sharif2016accessorize,
  author    = {Sharif, Mahmood and Bhagavatula, Sruti and Bauer, Lujo and Reiter, Michael K},
  title     = {Accessorize to a crime: Real and stealthy attacks on state-of-the-art face recognition},
  booktitle = {Proceedings of the 2016 acm sigsac conference on computer and communications security},
  year      = {2016},
  pages     = {1528--1540},
}

@Article{szegedy2013intriguing,
  author  = {Szegedy, Christian and Zaremba, Wojciech and Sutskever, Ilya and Bruna, Joan and Erhan, Dumitru and Goodfellow, Ian and Fergus, Rob},
  title   = {Intriguing properties of neural networks},
  journal = {arXiv preprint arXiv:1312.6199},
  year    = {2013},
}

@Comment{jabref-meta: databaseType:bibtex;}
