% Encoding: UTF-8

@Book{moore2011nature,
  title     = {The nature of computation},
  publisher = {OUP Oxford},
  year      = {2011},
  author    = {Moore, Cristopher and Mertens, Stephan},
}

@InCollection{sep-computability,
  author       = {Immerman, Neil},
  title        = {Computability and Complexity},
  booktitle    = {The Stanford Encyclopedia of Philosophy},
  publisher    = {Metaphysics Research Lab, Stanford University},
  year         = {2018},
  editor       = {Edward N. Zalta},
  edition      = {Winter 2018},
  howpublished = {\url{https://plato.stanford.edu/archives/win2018/entries/computability/}},
}

@Article{turing1936computable,
  author  = {Turing, Alan Mathison},
  title   = {On computable numbers, with an application to the Entscheidungsproblem},
  journal = {J. of Math},
  year    = {1936},
  volume  = {58},
  number  = {345-363},
  pages   = {5},
}

@Comment{jabref-meta: databaseType:bibtex;}
