% Encoding: UTF-8

@Misc{wiki:landauer,
  author       = {{Wikipedia contributors}},
  title        = {Landauer's principle --- {Wikipedia}{,} The Free Encyclopedia},
  howpublished = {\url{https://en.wikipedia.org/w/index.php?title=Landauer%27s_principle&oldid=895230750}},
  year         = {2019},
  note         = {[Online; accessed 26-June-2019]},
  comment      = {Glossary},
}

@Misc{wiki:methanogenesis,
  author = {{Wikipedia contributors}},
  title  = {Methanogenesis --- {Wikipedia}{,} The Free Encyclopedia},
  year   = {2019},
  note   = {[Online; accessed 9-July-2019]},
  url    = {https://en.wikipedia.org/w/index.php?title=Methanogenesis&oldid=901471320},
}

@Misc{wiki:k-r-selection,
  author = {{Wikipedia contributors}},
  title  = {R/K selection theory --- {Wikipedia}{,} The Free Encyclopedia},
  year   = {2019},
  note   = {[Online; accessed 11-July-2019]},
  url    = {https://en.wikipedia.org/w/index.php?title=R/K_selection_theory&oldid=905520942},
}

@Misc{wiki:aldose,
  author       = {{Wikipedia contributors}},
  title        = {Aldose --- {Wikipedia}{,} The Free Encyclopedia},
  howpublished = {\url{https://en.wikipedia.org/w/index.php?title=Aldose&oldid=900188863}},
  year         = {2019},
  note         = {[Online; accessed 11-July-2019]},
}

@Misc{wiki:amphiphile,
  author       = {{Wikipedia contributors}},
  title        = {Amphiphile --- {Wikipedia}{,} The Free Encyclopedia},
  howpublished = {\url{https://en.wikipedia.org/w/index.php?title=Amphiphile&oldid=895918473}},
  year         = {2019},
  note         = {[Online; accessed 11-July-2019]},
}

@Misc{wiki:deamination,
  author       = {{Wikipedia contributors}},
  title        = {Deamination --- {Wikipedia}{,} The Free Encyclopedia},
  howpublished = {\url{https://en.wikipedia.org/w/index.php?title=Deamination&oldid=903262480}},
  year         = {2019},
  note         = {[Online; accessed 11-July-2019]},
}

@Misc{wiki:DNAmethyltransferase,
  author       = {{Wikipedia contributors}},
  title        = {DNA methyltransferase --- {Wikipedia}{,} The Free Encyclopedia},
  howpublished = {\url{https://en.wikipedia.org/w/index.php?title=DNA_methyltransferase&oldid=884125379}},
  year         = {2019},
  note         = {[Online; accessed 11-July-2019]},
}

@Misc{wiki:Enthalpy,
  author       = {{Wikipedia contributors}},
  title        = {Enthalpy --- {Wikipedia}{,} The Free Encyclopedia},
  howpublished = {\url{https://en.wikipedia.org/w/index.php?title=Enthalpy&oldid=903787786}},
  year         = {2019},
  note         = {[Online; accessed 11-July-2019]},
}

@Misc{wiki:oligotroph,
  author       = {{Wikipedia contributors}},
  title        = {Oligotroph --- {Wikipedia}{,} The Free Encyclopedia},
  howpublished = {\url{https://en.wikipedia.org/w/index.php?title=Oligotroph&oldid=875961184}},
  year         = {2018},
  note         = {[Online; accessed 11-July-2019]},
}

@Misc{wiki:pyran,
  author       = {{Wikipedia contributors}},
  title        = {Pyran --- {Wikipedia}{,} The Free Encyclopedia},
  howpublished = {\url{https://en.wikipedia.org/w/index.php?title=Pyran&oldid=784915512}},
  year         = {2017},
  note         = {[Online; accessed 11-July-2019]},
}

@Misc{wiki:serpentinization,
  author       = {{Wikipedia contributors}},
  title        = {Serpentinite --- {Wikipedia}{,} The Free Encyclopedia},
  howpublished = {\url{https://en.wikipedia.org/w/index.php?title=Serpentinite&oldid=902252931}},
  year         = {2019},
  note         = {[Online; accessed 11-July-2019]},
}

@Misc{wiki:zwitterion,
  author       = {{Wikipedia contributors}},
  title        = {Zwitterion --- {Wikipedia}{,} The Free Encyclopedia},
  howpublished = {\url{https://en.wikipedia.org/w/index.php?title=Zwitterion&oldid=905089721}},
  year         = {2019},
  note         = {[Online; accessed 11-July-2019]},
}

@Misc{wiki:furan,
  author       = {{Wikipedia contributors}},
  title        = {Furan --- {Wikipedia}{,} The Free Encyclopedia},
  howpublished = {\url{https://en.wikipedia.org/w/index.php?title=Furan&oldid=904708210}},
  year         = {2019},
  note         = {[Online; accessed 11-July-2019]},
}

@Misc{wiki:gibbs-free,
  author       = {{Wikipedia contributors}},
  title        = {Gibbs free energy --- {Wikipedia}{,} The Free Encyclopedia},
  howpublished = {\url{https://en.wikipedia.org/w/index.php?title=Gibbs_free_energy&oldid=904223832}},
  year         = {2019},
  note         = {[Online; accessed 11-July-2019]},
}

@Misc{wiki:ketose,
  author       = {{Wikipedia contributors}},
  title        = {Ketose --- {Wikipedia}{,} The Free Encyclopedia},
  howpublished = {\url{https://en.wikipedia.org/w/index.php?title=Ketose&oldid=817382318}},
  year         = {2017},
  note         = {[Online; accessed 11-July-2019]},
}

@Misc{wiki:arrheniusequation,
  author       = {{Wikipedia contributors}},
  title        = {Arrhenius equation --- {Wikipedia}{,} The Free Encyclopedia},
  howpublished = {\url{https://en.wikipedia.org/w/index.php?title=Arrhenius_equation&oldid=904817694}},
  year         = {2019},
  note         = {[Online; accessed 12-July-2019]},
}

@Misc{wiki:ribozyme,
  author       = {{Wikipedia contributors}},
  title        = {Ribozyme --- {Wikipedia}{,} The Free Encyclopedia},
  howpublished = {\url{https://en.wikipedia.org/w/index.php?title=Ribozyme&oldid=892041519}},
  year         = {2019},
  note         = {[Online; accessed 13-July-2019]},
}

@Misc{wiki:error-threshold,
  author       = {{Wikipedia contributors}},
  title        = {Error threshold (evolution) --- {Wikipedia}{,} The Free Encyclopedia},
  howpublished = {\url{https://en.wikipedia.org/w/index.php?title=Error_threshold_(evolution)&oldid=906252981}},
  year         = {2019},
  note         = {[Online; accessed 16-July-2019]},
}

@Misc{wiki:Sympatric:speciation,
  author       = {{Wikipedia contributors}},
  title        = {Sympatric speciation --- {Wikipedia}{,} The Free Encyclopedia},
  howpublished = {\url{https://en.wikipedia.org/w/index.php?title=Sympatric_speciation&oldid=897252884}},
  year         = {2019},
  note         = {[Online; accessed 17-July-2019]},
}

@Misc{wiki:16SrRNA,
  author       = {{Wikipedia contributors}},
  title        = {16S ribosomal RNA --- {Wikipedia}{,} The Free Encyclopedia},
  howpublished = {\url{https://en.wikipedia.org/w/index.php?title=16S_ribosomal_RNA&oldid=906055078}},
  year         = {2019},
  note         = {[Online; accessed 19-July-2019]},
}

@Misc{wiki:mitosome,
  author       = {{Wikipedia contributors}},
  title        = {Mitosome --- {Wikipedia}{,} The Free Encyclopedia},
  howpublished = {\url{https://en.wikipedia.org/w/index.php?title=Mitosome&oldid=887156491}},
  year         = {2019},
  note         = {[Online; accessed 23-July-2019]},
}

@Misc{wiki:hydrogenosome,
  author       = {{Wikipedia contributors}},
  title        = {Hydrogenosome --- {Wikipedia}{,} The Free Encyclopedia},
  howpublished = {\url{https://en.wikipedia.org/w/index.php?title=Hydrogenosome&oldid=905296868}},
  year         = {2019},
  note         = {[Online; accessed 23-July-2019]},
}

@Misc{wiki:homology,
  author       = {{Wikipedia contributors}},
  title        = {Sequence homology --- {Wikipedia}{,} The Free Encyclopedia},
  howpublished = {\url{https://en.wikipedia.org/w/index.php?title=Sequence_homology&oldid=903749549}},
  year         = {2019},
  note         = {[Online; accessed 23-July-2019]},
}

@Misc{wiki:kinetic:isotope:effect,
  author       = {{Wikipedia contributors}},
  title        = {Kinetic isotope effect --- {Wikipedia}{,} The Free Encyclopedia},
  howpublished = {\url{https://en.wikipedia.org/w/index.php?title=Kinetic_isotope_effect&oldid=907557135}},
  year         = {2019},
  note         = {[Online; accessed 24-July-2019]},
}

@Misc{wiki:phylogenetics,
  author       = {{Wikipedia contributors}},
  title        = {Phylogenetics --- {Wikipedia}{,} The Free Encyclopedia},
  howpublished = {\url{https://en.wikipedia.org/w/index.php?title=Phylogenetics&oldid=894373375}},
  year         = {2019},
  note         = {[Online; accessed 24-July-2019]},
}

@Misc{wiki:heterotachy,
  author       = {{Wikipedia contributors}},
  title        = {Heterotachy --- {Wikipedia}{,} The Free Encyclopedia},
  howpublished = {\url{https://en.wikipedia.org/w/index.php?title=Heterotachy&oldid=882904194}},
  year         = {2019},
  note         = {[Online; accessed 24-July-2019]},
}

@Misc{wiki:price:equation,
  author       = {{Wikipedia contributors}},
  title        = {Price equation --- {Wikipedia}{,} The Free Encyclopedia},
  howpublished = {\url{https://en.wikipedia.org/w/index.php?title=Price_equation&oldid=890968093}},
  year         = {2019},
  note         = {[Online; accessed 27-July-2019]},
}

@Misc{wiki:outgroup,
  author       = {{Wikipedia contributors}},
  title        = {Outgroup (cladistics) --- {Wikipedia}{,} The Free Encyclopedia},
  howpublished = {\url{https://en.wikipedia.org/w/index.php?title=Outgroup_(cladistics)&oldid=887836511}},
  year         = {2019},
  note         = {[Online; accessed 28-July-2019]},
}

@Misc{wiki:endomembrane,
  author       = {{Wikipedia contributors}},
  title        = {Endomembrane system --- {Wikipedia}{,} The Free Encyclopedia},
  howpublished = {\url{https://en.wikipedia.org/w/index.php?title=Endomembrane_system&oldid=903690802}},
  year         = {2019},
  note         = {[Online; accessed 29-July-2019]},
}

@Misc{wiki:long:branch:attraction,
  author       = {{Wikipedia contributors}},
  title        = {Long branch attraction --- {Wikipedia}{,} The Free Encyclopedia},
  howpublished = {\url{https://en.wikipedia.org/w/index.php?title=Long_branch_attraction&oldid=870303832}},
  year         = {2018},
  note         = {[Online; accessed 29-July-2019]},
}

@Misc{wiki:lokiarchaeota,
  author       = {{Wikipedia contributors}},
  title        = {Lokiarchaeota --- {Wikipedia}{,} The Free Encyclopedia},
  howpublished = {\url{https://en.wikipedia.org/w/index.php?title=Lokiarchaeota&oldid=907546271}},
  year         = {2019},
  note         = {[Online; accessed 31-July-2019]},
}

@Misc{wiki:symplesiomorphy,
  author       = {{Wikipedia contributors}},
  title        = {Plesiomorphy and symplesiomorphy --- {Wikipedia}{,} The Free Encyclopedia},
  howpublished = {\url{https://en.wikipedia.org/w/index.php?title=Plesiomorphy_and_symplesiomorphy&oldid=897826358}},
  year         = {2019},
  note         = {[Online; accessed 1-August-2019]},
}

@Misc{wiki:synapomorphy,
  author       = {{Wikipedia contributors}},
  title        = {Synapomorphy and apomorphy --- {Wikipedia}{,} The Free Encyclopedia},
  howpublished = {\url{https://en.wikipedia.org/w/index.php?title=Synapomorphy_and_apomorphy&oldid=899995447}},
  year         = {2019},
  note         = {[Online; accessed 1-August-2019]},
}

@Misc{wiki:2018candidatus,
  author       = {{Wikipedia contributors}},
  title        = {Candidatus --- {Wikipedia}{,} The Free Encyclopedia},
  howpublished = {\url{https://en.wikipedia.org/w/index.php?title=Candidatus&oldid=833567289}},
  year         = {2018},
  note         = {[Online; accessed 11-August-2019]},
}

@Misc{wiki:ringworld,
  author       = {{Wikipedia contributors}},
  title        = {Ringworld --- {Wikipedia}{,} The Free Encyclopedia},
  howpublished = {\url{https://en.wikipedia.org/w/index.php?title=Ringworld&oldid=908373896}},
  year         = {2019},
  note         = {[Online; accessed 12-August-2019]},
}

@Misc{wiki:stellar:evolution,
  author       = {{Wikipedia contributors}},
  title        = {Stellar evolution --- {Wikipedia}{,} The Free Encyclopedia},
  howpublished = {\url{https://en.wikipedia.org/w/index.php?title=Stellar_evolution&oldid=904773315}},
  year         = {2019},
  note         = {[Online; accessed 12-August-2019]},
}

@Misc{wiki:hot:jupiter,
  author       = {{Wikipedia contributors}},
  title        = {Hot Jupiter --- {Wikipedia}{,} The Free Encyclopedia},
  howpublished = {\url{https://en.wikipedia.org/w/index.php?title=Hot_Jupiter&oldid=910393420}},
  year         = {2019},
  note         = {[Online; accessed 12-August-2019]},
}

@Misc{wiki:kTypeStar,
  author       = {{Wikipedia contributors}},
  title        = {K-type main-sequence star --- {Wikipedia}{,} The Free Encyclopedia},
  howpublished = {\url{https://en.wikipedia.org/w/index.php?title=K-type_main-sequence_star&oldid=909843743}},
  year         = {2019},
  note         = {[Online; accessed 14-August-2019]},
}

@Misc{wiki:autotroph,
  author       = {{Wikipedia contributors}},
  title        = {Autotroph --- {Wikipedia}{,} The Free Encyclopedia},
  howpublished = {\url{https://en.wikipedia.org/w/index.php?title=Autotroph&oldid=907269804}},
  year         = {2019},
  note         = {[Online; accessed 17-August-2019]},
}

@Misc{wiki:heterotroph,
  author       = {{Wikipedia contributors}},
  title        = {Heterotroph --- {Wikipedia}{,} The Free Encyclopedia},
  howpublished = {\url{https://en.wikipedia.org/w/index.php?title=Heterotroph&oldid=899572924}},
  year         = {2019},
  note         = {[Online; accessed 17-August-2019]},
}

@Misc{wiki:saprotroph,
  author       = {{Wikipedia contributors}},
  title        = {Saprotrophic nutrition --- {Wikipedia}{,} The Free Encyclopedia},
  howpublished = {\url{https://en.wikipedia.org/w/index.php?title=Saprotrophic_nutrition&oldid=903883923}},
  year         = {2019},
  note         = {[Online; accessed 17-August-2019]},
}

@Comment{jabref-meta: databaseType:bibtex;}
