@book{Abelson:1985:SIC:26777,
 author = {Abelson, Harold and Sussman, Gerald Jay and Sussman, Julie},
 title = {Structure and Interpretation of Computer Programs},
 year = {1985},
 isbn = {0-262-01077-1},
 publisher = {MIT Press},
 address = {Cambridge, MA, USA},
} 

@article{arthur1994inductive,
  title={Inductive reasoning and bounded rationality},
  author={Arthur, W Brian},
  journal={The American economic review},
  volume={84},
  number={2},
  pages={406--411},
  year={1994},
  publisher={JSTOR}
}

@article{bell2003coordination,
  title={Coordination failure as a source of congestion in information networks},
  author={Bell, Ann M and Sethares, William A and Bucklew, James A},
  journal={IEEE Transactions on Signal Processing},
  volume={51},
  number={3},
  pages={875--885},
  year={2003},
  publisher={IEEE}
}

@article{bruss2000sum,
  title={Sum the odds to one and stop},
  author={BRUSS, F Thomas},
  journal={Annals of probability},
  volume={28},
  number={3},
  pages={1384--1391},
  year={2000},
  publisher={Institute of Mathematical Statistics}
}

@article{chakrabarti2009kolkata,
  title={The Kolkata Paise Restaurant problem and resource utilization},
  author={Chakrabarti, Anindya Sundar and Chakrabarti, Bikas K and Chatterjee, Arnab and Mitra, Manipushpak},
  journal={Physica A: Statistical Mechanics and its Applications},
  volume={388},
  number={12},
  pages={2420--2426},
  year={2009},
  publisher={Elsevier}
}

@incollection{chakrabarti2007kolkata,
  title={Kolkata restaurant problem as a generalised el farol bar problem},
  author={Chakrabarti, Bikas K},
  booktitle={Econophysics of Markets and Business Networks},
  pages={239--246},
  year={2007},
  publisher={Springer}
}

@MISC{Challenge:2018,
	author = {Santa Fe Institute},
	title = {Spring 2018 Complexity Challenge},
	year = 2018,
	howpublished="\url{https://www.complexityexplorer.org/challenges/2-spring-2018-complexity-challenge/submissions}",
    note = "[Online; accessed 30-April-2018]"
}

@article{challet1997emergence,
  title={Emergence of cooperation and organization in an evolutionary game},
  author={Challet, Damien and Zhang, Y-C},
  journal={Physica A: Statistical Mechanics and its Applications},
  volume={246},
  number={3-4},
  pages={407--418},
  year={1997},
  publisher={Elsevier}
}

@article{challet1998minority,
  title={On the minority game: Analytical and numerical studies},
  author={Challet, Damien and Zhang, Yi-Cheng},
  journal={Physica A: Statistical Mechanics and its applications},
  volume={256},
  number={3-4},
  pages={514--532},
  year={1998},
  publisher={Elsevier}
}

@article{challet2013minority,
  title={Minority games: interacting agents in financial markets},
  author={Challet, Damien and Marsili, Matteo and Zhang, Yi-Cheng and others},
  journal={OUP Catalogue},
  year={2013},
  publisher={Oxford University Press}
}

@book{Dawkins83, 
	author = {Dawkins, Richard},
	title = {The extended phenotype: {T}he gene as a unit of selection},
	publisher = {Oxford University Press}, 
	address = {Oxford},
	year = 1983, 
	annote = {Extension of the ideas presented in ``The Selfish Gene''.}
}
 
@article{fogel1999inductive,
  title={Inductive reasoning and bounded rationality reconsidered},
  author={Fogel, David B and Chellapilla, Kumar and Angeline, Peter J},
  journal={IEEE transactions on evolutionary computation},
  volume={3},
  number={2},
  pages={142--146},
  year={1999},
  publisher={IEEE}
}

@article{garofalo2006modeling,
  title={Modeling the’El Farol Bar Problem’In NetLogo},
  author={Garofalo, Mark},
  journal={PRELIMINARY DRAFT, Dexia Bank Belgium},
  year={2006}
}

@MISC{Github:2018,
	author = {Crase, Simon A.},
	title = {Complexity Explorer Challenge 2018 April},
	month = apr,
	year = {2018},
	howpublished={https://github.com/weka511/201804}
}

@article{hill2009knowing,
  title={Knowing When to Stop},
  author={Hill, Theodore P},
  journal={American scientist},
  volume={97},
  number={2},
  pages={126--133},
  year={2009},
  publisher={Sigma Xi}
}

@article{press2012iterated,
  title={Iterated Prisoner’s Dilemma contains strategies that dominate any evolutionary opponent},
  author={Press, William H and Dyson, Freeman J},
  journal={Proceedings of the National Academy of Sciences},
  volume={109},
  number={26},
  pages={10409--10413},
  year={2012},
  publisher={National Acad Sciences}
}



@article{rand2007farol,
  title={The El Farol Bar Problem and Computational Effort: Why People Fail to Use Bars Efficiently},
  author={Rand, William and Stonedahl, Forrest},
  journal={Northwestern University, Evanston, IL},
  year={2007}
}

@book{romero2014hedge,
  title={What Hedge Funds Really Do: An Introduction to Portfolio Management},
  author={Romero, Philip J and Balch, Tucker},
  year={2014},
  publisher={Business Expert Press}
}

@article{sasidevan2014strategy,
  title={Strategy switches and co-action equilibria in a minority game},
  author={Sasidevan, V and Dhar, Deepak},
  journal={Physica A: Statistical Mechanics and its Applications},
  volume={402},
  pages={306--317},
  year={2014},
  publisher={Elsevier}
}

@InCollection{sep-ergodic-hierarchy,
	author       =	{Frigg, Roman and Berkovitz, Joseph and Kronz, Fred},
	title        =	{The Ergodic Hierarchy},
	booktitle    =	{The Stanford Encyclopedia of Philosophy},
	editor       =	{Edward N. Zalta},
	howpublished =	{\url{https://plato.stanford.edu/archives/sum2016/entries/ergodic-hierarchy/}},
	year         =	{2016},
	edition      =	{Summer 2016},
	publisher    =	{Metaphysics Research Lab, Stanford University}
}

@article{simon1990mechanism,
  title={A mechanism for social selection and successful altruism.},
  author={Simon, HA},
  journal={Science},
  volume={250},
  number={4988},
  pages={1665--1668},
  year={1990},
  publisher={American Association for the Advancement of Science}
}

@article{simon1991bounded,
  title={Bounded rationality and organizational learning},
  author={Simon, Herbert A},
  journal={Organization science},
  volume={2},
  number={1},
  pages={125--134},
  year={1991},
  publisher={INFORMS}
}

@article{szabo2007evolutionary,
  title={Evolutionary games on graphs},
  author={Szab{\'o}, Gy{\"o}rgy and Fath, Gabor},
  journal={Physics reports},
  volume={446},
  number={4-6},
  pages={97--216},
  year={2007},
  publisher={Elsevier}
}

@misc{vanhespen2016thesis,
	title={Writing your thesis with R Markdown (2) – Text, citations and equations},
	author={van Hespen,Rosanna},
	year={2016},
	howpublished="\url{https://rosannavanhespenresearch.wordpress.com/2016/02/17/writing-your-thesis-with-rmarkdown-2-making-a-chapter/}",
	note = "[Online; accessed 13-May-2018]"
}
@misc{rcore2018r,
  title = {R: A Language and Environment for Statistical Computing},
  author = {R Core Team,},
    organization = {R Foundation for Statistical Computing},
  address = {Vienna, Austria},
  year = {2018},
  howpublished="\url{https://www.R-project.org/}",
}
 @misc{allaire2018rmarkdown,
    title = {rmarkdown: Dynamic Documents for R},
    author = {JJ Allaire and Yihui Xie and Jonathan McPherson and Javier Luraschi and Kevin Ushey and Aron Atkins and Hadley Wickham and Joe Cheng and Winston Chang},
    year = {2018},
    note = {R package version 1.9},
    howpublished="\url{https://CRAN.R-project.org/package=rmarkdown}",
  }
@techreport{Wilensky:1999,
  added-at = {2010-03-02T17:25:53.000+0100},
  address = {Northwestern University, Evanston, IL},
  author = {Wilensky, Uri},
  bdsk-url-1 = {http://ccl.northwestern.edu/netlogo/},
  biburl = {https://www.bibsonomy.org/bibtex/25ab5c4c2b9fcef2df0928eb3c241f114/jrennstich},
  date-added = {2010-02-19 07:37:44 -0600},
  date-modified = {2010-02-28 21:03:37 -0500},
  institution = {Center for Connected Learning and Computer-Based Modeling},
  interhash = {605b6b5c9e21b6953f8cf3f5336d20f8},
  intrahash = {5ab5c4c2b9fcef2df0928eb3c241f114},
  keywords = {agent-based methodology modeling simulation},
  timestamp = {2010-03-08T19:44:40.000+0100},
  title = {NetLogo},
  type = {http://ccl.northwestern.edu/netlogo/},
  url = {http://ccl.northwestern.edu/netlogo/},
  year = 1999
}

 @misc{ wiki:closure,
    author = "{Wikipedia contributors}",
    title = "Closure (computer programming) --- {Wikipedia}{,} The Free Encyclopedia",
    year = "2018",
    howpublished = "\urlhttps://en.wikipedia.org/w/index.php?title=Closure_(computer_programming)&oldid=840549395",
    note = "[Online; accessed 26-May-2018]"
  }
 
@misc{ wiki:emh,
    author = "{Wikipedia contributors}",
    title = "Efficient-market hypothesis --- {Wikipedia}{,} The Free Encyclopedia",
    year = "2018",
    howpublished = "\url{https://en.wikipedia.org/w/index.php?title=Efficient-market_hypothesis&oldid=839881156}",
    note = "[Online; accessed 8-May-2018]"
  }
  
@misc{ wiki:technical,
    author = "{Wikipedia contributors}",
    title = "Technical analysis --- {Wikipedia}{,} The Free Encyclopedia",
    year = "2018",
    howpublished = "\url{https://en.wikipedia.org/w/index.php?title=Technical_analysis&oldid=838615688}",
    note = "[Online; accessed 30-April-2018]"
}


  
 
@misc{ wiki:roshambo,
    author = "{Wikipedia contributors}",
    title = "Rock–paper–scissors --- {Wikipedia}{,} The Free Encyclopedia",
    year = "2018",
    howpublished = "\url{https://en.wikipedia.org/w/index.php?title=Rock%E2%80%93paper%E2%80%93scissors&oldid=841658701}",
    note = "[Online; accessed 28-May-2018]"
  }
  
@article{zambrano2001boundedly,
  title={When Boundedly Rational Behavior is Rationalizable: The Case of the El Farol Problem},
  author={Zambrano, Eduardo},
  journal={Journal of Public Economic Theory},
  year={2004},
  volume={6},
  number={2}
}






